@book{koza92,
		author    = "Koza, John R.",
		title     = "Genetic Programming: On the Programming of Computers by Means of Natural Selection",
		publisher = "MIT Press",
		year      = "1992"
}


@misc{ wiki:latex,
       author = "Wikipedia",
       title = "LaTeX --- Wikipedia{,} La enciclopedia libre",
       year = "2015",
       url = "https://es.wikipedia.org/w/index.php?title=LaTeX&oldid=84209252",
       note = "[Internet; descargado 30-septiembre-2015]"
}


@misc{ mvcImag,
       author = "Valeria García Cobian",
       title = "{{Patrón de diseño MVC}}",
       howpublished={URL: \url{https://blog.nearsoftjobs.com/patrón-de-diseño-mvc-2366948b5fc7}},
       url = "https://blog.nearsoftjobs.com/patrón-de-diseño-mvc-2366948b5fc7",
       year = "2019"
}


@misc{ masterslaveimg,
       author = "dossier-andreas",
       title = "{{Master-Slave}}",
       howpublished={URL: \url{https://www.dossier-andreas.net/software_architecture/masterslave.html}},
       url = https://www.dossier-andreas.net/software_architecture/masterslave.html",
}