@book{koza92,
		author    = "Koza, John R.",
		title     = "Genetic Programming: On the Programming of Computers by Means of Natural Selection",
		publisher = "MIT Press",
		year      = "1992"
}


@misc{ wiki:latex,
       author = "Wikipedia",
       title = "LaTeX --- Wikipedia{,} La enciclopedia libre",
       year = "2015",
       url = "https://es.wikipedia.org/w/index.php?title=LaTeX&oldid=84209252",
       note = "[Internet; descargado 30-septiembre-2015]"
}


@article{bortolot2005,
  title={Estimating forest biomass using small footprint LiDAR data: An individual tree-based approach that incorporates training data},
  author={Bortolot, Zachary J and Wynne, Randolph H},
  journal={ISPRS Journal of Photogrammetry and Remote Sensing},
  volume={59},
  number={6},
  pages={342--360},
  year={2005},
  publisher={Elsevier}
}


@article{wifiIndoor,
author = {Yang, Qing and Zheng, Shijue and Liu, Ming and Zhang, Yawen},
year = {2019},
month = {12},
pages = {},
title = {Research on Wi-Fi indoor positioning in a smart exhibition hall based on received signal strength indication},
volume = {2019},
journal = {EURASIP Journal on Wireless Communications and Networking},
doi = {10.1186/s13638-019-1601-3}
}


@misc{ amazon:CORS,
       author = "Amazon",
       title = "{{Habilitación de CORS para un recurso de la API de REST}}",
       url = "https://docs.aws.amazon.com/es_es/apigateway/latest/developerguide/how-to-cors.html",
       howpublished={URL:
       \url{https://docs.aws.amazon.com/es_es/apigateway/latest/developerguide/how-to-cors.html}},
       
}

@misc{ xataka:uwb,
       author = "Samuel Fernandez",
       title = "{{Qué es la UWB, la banda ultraancha que puede reemplazar a la conexiones Bluetooth}}",
       url = "https://www.xatakamovil.com/conectividad/que-uwb-banda-ultraancha-que-puede-reemplazar-a-conexiones-bluetooth#:~:text=Se%20conoce%20como%20banda%20ultraancha,Es%20decir%2C%2080Mhz",
       howpublished={URL:
       \url{https://www.xatakamovil.com/conectividad/que-uwb-banda-ultraancha-que-puede-reemplazar-a-conexiones-bluetooth#:~:text=Se%20conoce%20como%20banda%20ultraancha,Es%20decir%2C%2080Mhz}},
       
}

@misc{ wiki:gps,
       author = "Wikipedia",
       title = "{{GPS --- Wikipedia{,} La enciclopedia libre}}",
       howpublished={URL:
       \url{https://es.wikipedia.org/wiki/GPS}},
       url = "https://es.wikipedia.org/wiki/GPS",
       
}

@misc{ apiRest,
       author = "Gerson Azabache Martínez",
       title = "{{Qué es REST, RESTFul, API RESTFul y JSON}}",
       howpublished={URL: \url{https://bravedeveloper.com/2021/09/01/que-es-rest-restful-api-restful-y-json/}},
       url = "https://bravedeveloper.com/2021/09/01/que-es-rest-restful-api-restful-y-json/",
       year = "2021"
}


@misc{ mvcImag,
       author = "Valeria García Cobian",
       title = "{{Patrón de diseño MVC}}",
       howpublished={URL: \url{https://blog.nearsoftjobs.com/patrón-de-diseño-mvc-2366948b5fc7}},
       url = "https://blog.nearsoftjobs.com/patrón-de-diseño-mvc-2366948b5fc7",
       year = "2019"
}



@misc{ mvc,
       author = "Universidad de Alicante",
       title = "{{Modelo vista controlador (MVC)}}",
       howpublished={URL: \url{https://si.ua.es/es/documentacion/asp-net-mvc-3/1-dia/modelo-vista-controlador-mvc.html}},
       url = "https://si.ua.es/es/documentacion/asp-net-mvc-3/1-dia/modelo-vista-controlador-mvc.html",
}



@misc{ comparacionIndoor,
       author = "Infsoft",
       title = {{Technologies for Server-Based Indoor Positioning Compared: Wi-Fi vs. BLE vs. UWB vs. RFID}},
       howpublished={URL: \url{https://www.infsoft.com/blog/technologies-for-server-based-indoor-positioning-compared/}},
       url = "https://www.infsoft.com/blog/technologies-for-server-based-indoor-positioning-compared/",
}


@misc{ React,
       author = "Facebook",
       title = {{React -- Components}},
       howpublished={URL: \url{https://es.reactjs.org/docs/components-and-props.html}},
       url = "https://es.reactjs.org/docs/components-and-props.html",
}

@misc{ GeoJson,
       author = {Wikipedia},
       title = {{GeoJSON --- Wikipedia{,} La enciclopedia libre}},
       howpublished={URL: \url{https://es.wikipedia.org/wiki/GeoJSON}},
       url = {https://es.wikipedia.org/wiki/GeoJSON},
}
@misc{ GeoPosicionamiento,
       author = {Wikipedia},
       title = {{GeoPosicionamiento --- Wikipedia{,} La enciclopedia libre}},
       howpublished={URL: \url{https://es.wikipedia.org/wiki/Geoposicionamiento}},
       url = {https://es.wikipedia.org/wiki/Geoposicionamiento},
}
@misc{ TringulacionGPS,
       author = {Prometec},
       title = {{Prometec- Imagen Triangulación GPS}},
       howpublished={URL: \url{https://www.prometec.net/shield-gps-coordenadas/}},
       url = {https://www.prometec.net/shield-gps-coordenadas/},
}
@misc{ EsquemaAPI,
       author = {Dossetenta},
       title = {{Que es una API REST- Imagen}},
       howpublished={URL: \url{https://dossetenta.com/que-es-una-api-rest/}},
       url = {https://dossetenta.com/que-es-una-api-rest/},
}
@misc{ P5,
       author = {P5},
       title = {{P5}},
       howpublished={URL: \url{https://p5js.org/es/}},
       url = {https://p5js.org/es/},
}
